@article{alley2019unified,
  title={Unified rational protein engineering with sequence-only deep representation learning},
  author={Alley, Ethan C and Khimulya, Grigory and Biswas, Surojit and AlQuraishi, Mohammed and Church, George M},
  journal={bioRxiv},
  pages={589333},
  year={2019},
  publisher={Cold Spring Harbor Laboratory}
}

@article{rao2019evaluating,
  title={Evaluating Protein Transfer Learning with TAPE},
  author={Rao, Roshan and Bhattacharya, Nicholas and Thomas, Neil and Duan, Yan and Chen, Xi and Canny, John and Abbeel, Pieter and Song, Yun S},
  journal={arXiv preprint\\ arXiv:1906.08230},
  year={2019}
}

@article{stiffler2015evolvability,
  title={Evolvability as a function of purifying selection in TEM-1 $\beta$-lactamase},
  author={Stiffler, Michael A and Hekstra, Doeke R and Ranganathan, Rama},
  journal={Cell},
  volume={160},
  number={5},
  pages={882--892},
  year={2015},
  publisher={Elsevier}
}

@article{eddy1998profile,
  title={Profile hidden Markov models.},
  author={Eddy, Sean R.},
  journal={Bioinformatics (Oxford, England)},
  volume={14},
  number={9},
  pages={755--763},
  year={1998}
}

@article{hopf2017mutation,
  title={Mutation effects predicted from sequence co-variation},
  author={Hopf, Thomas A and Ingraham, John B and Poelwijk, Frank J and Sch{\"a}rfe, Charlotta PI and Springer, Michael and Sander, Chris and Marks, Debora S},
  journal={Nature biotechnology},
  volume={35},
  number={2},
  pages={128},
  year={2017},
  publisher={Nature Publishing Group}
}

@inproceedings{tape2019,
author = {Rao, Roshan and Bhattacharya, Nicholas and Thomas, Neil and Duan, Yan and Chen, Xi and Canny, John and Abbeel, Pieter and Song, Yun S},
title = {Evaluating Protein Transfer Learning with TAPE},
booktitle = {Advances in Neural Information Processing Systems},
year = {2019}
}

@article{pdb,
  title={The protein data bank},
  author={Berman, Helen M and Westbrook, John and Feng, Zukang and Gilliland, Gary and Bhat, Talapady N and Weissig, Helge and Shindyalov, Ilya N and Bourne, Philip E},
  journal={Nucleic acids research},
  volume={28},
  number={1},
  pages={235--242},
  year={2000},
  publisher={Oxford University Press}
}

@article{casp,
author = {Moult, John and Fidelis, Krzysztof and Kryshtafovych, Andriy and Schwede, Torsten and Tramontano, Anna},
doi = {10.1002/prot.25415},
issn = {08873585},
journal = {Proteins: Structure, Function, and Bioinformatics},
keywords = {CASP,community wide experiment,protein structure prediction},
pages = {7--15},
publisher = {John Wiley {\&} Sons, Ltd},
title = {{Critical assessment of methods of protein structure prediction (CASP)-Round XII}},
url = {http://doi.wiley.com/10.1002/prot.25415},
volume = {86},
year = {2018}
}

@article{netsurfp,
  title={NetSurfP-2.0: Improved prediction of protein structural features by integrated deep learning},
  author={Klausen, Michael Schantz and Jespersen, Martin Closter and Nielsen, Henrik and Jensen, Kamilla Kjaergaard and Jurtz, Vanessa Isabell and Soenderby, Casper Kaae and Sommer, Morten Otto Alexander and Winther, Ole and Nielsen, Morten and Petersen, Bent and others},
  journal={Proteins: Structure, Function, and Bioinformatics},
  year={2019},
  publisher={Wiley Online Library}
}

@article{proteinnet,
  title={ProteinNet: a standardized data set for machine learning of protein structure},
  author={AlQuraishi, Mohammed},
  journal={arXiv preprint arXiv:1902.00249},
  year={2019}
}

@article{scop,
  title={SCOPe: Structural Classification of Proteins—extended, integrating SCOP and ASTRAL data and classification of new structures},
  author={Fox, Naomi K and Brenner, Steven E and Chandonia, John-Marc},
  journal={Nucleic acids research},
  volume={42},
  number={D1},
  pages={D304--D309},
  year={2013},
  publisher={Oxford University Press}
}

@article{sarkisyan2016,
  title={Local fitness landscape of the green fluorescent protein},
  author={Sarkisyan, Karen S and Bolotin, Dmitry A and Meer, Margarita V and Usmanova, Dinara R and Mishin, Alexander S and Sharonov, George V and Ivankov, Dmitry N and Bozhanova, Nina G and Baranov, Mikhail S and Soylemez, Onuralp and others},
  journal={Nature},
  volume={533},
  number={7603},
  pages={397},
  year={2016},
  publisher={Nature Publishing Group}
}

@article{rocklin2017,
  title={Global analysis of protein folding using massively parallel design, synthesis, and testing},
  author={Rocklin, Gabriel J and Chidyausiku, Tamuka M and Goreshnik, Inna and Ford, Alex and Houliston, Scott and Lemak, Alexander and Carter, Lauren and Ravichandran, Rashmi and Mulligan, Vikram K and Chevalier, Aaron and others},
  journal={Science},
  volume={357},
  number={6347},
  pages={168--175},
  year={2017},
  publisher={American Association for the Advancement of Science}
}

@online{unirepproject,
  author = {Suadicani, Victor and Petersen, Emil},
  title = {Reproduction and Evaluation of UniRep, a Deep Learning Representation of Protein Sequences},
  year = 2020,
  url = {https://github.com/leetemil/unirep_project},
  urldate = {2020-05-14}
}

@inproceedings{salimans2016weight,
  title={Weight normalization: A simple reparameterization to accelerate training of deep neural networks},
  author={Salimans, Tim and Kingma, Durk P},
  booktitle={Advances in neural information processing systems},
  pages={901--909},
  year={2016}
}

@article{kingma2014adam,
  title={Adam: A method for stochastic optimization},
  author={Kingma, Diederik P and Ba, Jimmy},
  journal={arXiv preprint arXiv:1412.6980},
  year={2014}
}

@article{riesselman2019accelerating,
  title={Accelerating Protein Design Using Autoregressive Generative Models},
  author={Riesselman, Adam J and Shin, Jung-Eun and Kollasch, Aaron W and McMahon, Conor and Simon, Elana and Sander, Chris and Manglik, Aashish and Kruse, Andrew C and Marks, Debora S},
  journal={bioRxiv},
  pages={757252},
  year={2019},
  publisher={Cold Spring Harbor Laboratory}
}

@article{bowman2015generating,
  title={Generating sentences from a continuous space},
  author={Bowman, Samuel R and Vilnis, Luke and Vinyals, Oriol and Dai, Andrew M and Jozefowicz, Rafal and Bengio, Samy},
  journal={arXiv preprint\\ arXiv:1511.06349},
  year={2015}
}

@article{wang1994complexity,
  title={On the complexity of multiple sequence alignment},
  author={Wang, Lusheng and Jiang, Tao},
  journal={Journal of computational biology},
  volume={1},
  number={4},
  pages={337--348},
  year={1994}
}

@online{AlQuraishiUnsupervised,
  title={The Future of Protein Science will not be Supervised},
  author={Mohammed AlQuraishi},
  url={https://moalquraishi.wordpress.com/2019/04/01/the-future-of-protein-science-will-not-be-supervised/},
  year={2015},
  urldate = {2020-01-31}
}

@online{protein_structure_fig,
    author = {Thomas Shafee},
%    title = {{Protein structure (full).png}},
    year = 2016,
    url = {https://en.wikipedia.org/wiki/File:Protein_structure_(full).png},
    urldate = {2020-02-09},
    note = {Figure altered to only include primary, secondary and tertiary structure. Permitted use as by the Creative Commons Attribution 4.0 International license \url{https://creativecommons.org/licenses/by/4.0/deed.en}}
}

@article{oord2016wavenet,
  title={Wavenet: A generative model for raw audio},
  author={Oord, Aaron van den and Dieleman, Sander and Zen, Heiga and Simonyan, Karen and Vinyals, Oriol and Graves, Alex and Kalchbrenner, Nal and Senior, Andrew and Kavukcuoglu, Koray},
  journal={arXiv preprint arXiv:1609.03499},
  year={2016}
}

@inproceedings{vaswani2017attention,
    title={Attention is all you need},
    author={Vaswani, Ashish and Shazeer, Noam and Parmar, Niki and Uszkoreit, Jakob and Jones, Llion and Gomez, Aidan N and Kaiser, {\L}ukasz and Polosukhin, Illia},
    booktitle={Advances in neural information processing systems},
    pages={5998--6008},
    year={2017}
}

@article{bengio2013representation,
  title={Representation learning: A review and new perspectives},
  author={Bengio, Yoshua and Courville, Aaron and Vincent, Pascal},
  journal={IEEE transactions on pattern analysis and machine intelligence},
  volume={35},
  number={8},
  pages={1798--1828},
  year={2013},
  publisher={IEEE}
}

@article{uniprot2007universal,
  title={The universal protein resource (UniProt)},
  author={UniProt Consortium},
  journal={Nucleic acids research},
  volume={36},
  number={suppl\_1},
  pages={D190--D195},
  year={2007},
  publisher={Oxford University Press}
}

@article{eddy1992hmmer,
  title={HMMER user’s guide},
  author={Eddy, Sean},
  journal={Department of Genetics, Washington University School of Medicine},
  volume={2},
  number={1},
  pages={13},
  year={1992}
}

@article{blundell2015weight,
  title={Weight uncertainty in neural networks},
  author={Blundell, Charles and Cornebise, Julien and Kavukcuoglu, Koray and Wierstra, Daan},
  journal={arXiv preprint arXiv:1505.05424},
  year={2015}
}

@article{kingma2013auto,
  title={Auto-encoding variational bayes},
  author={Kingma, Diederik P and Welling, Max},
  journal={arXiv preprint arXiv:1312.6114},
  year={2013}
}

@article{kingma2017variational,
  title={Variational inference \& deep learning: A new synthesis},
  author={Kingma, Diederik P},
  year={2017}
}

@online{standfordVAE,
  author = {V. Kuleshov and S. Ermon},
  title = {{Variational Inference}},
  year = 2020,
  url = {https://ermongroup.github.io/cs228-notes/inference/variational/},
  urldate = {2020-01-31}
}

@article{riesselman2018deep,
  title={Deep generative models of genetic variation capture the effects of mutations},
  author={Riesselman, Adam J and Ingraham, John B and Marks, Debora S},
  journal={Nature methods},
  volume={15},
  number={10},
  pages={816--822},
  year={2018},
  publisher={Nature Publishing Group}
}

@article{krause2016multiplicative,
  title={Multiplicative LSTM for sequence modelling},
  author={Krause, Ben and Lu, Liang and Murray, Iain and Renals, Steve},
  journal={arXiv preprint arXiv:1609.07959},
  year={2016}
}

@incollection{NEURIPS2019_9015,
title = {PyTorch: An Imperative Style, High-Performance Deep Learning Library},
author = {Paszke, Adam and Gross, Sam and Massa, Francisco and Lerer, Adam and Bradbury, James and Chanan, Gregory and Killeen, Trevor and Lin, Zeming and Gimelshein, Natalia and Antiga, Luca and Desmaison, Alban and Kopf, Andreas and Yang, Edward and DeVito, Zachary and Raison, Martin and Tejani, Alykhan and Chilamkurthy, Sasank and Steiner, Benoit and Fang, Lu and Bai, Junjie and Chintala, Soumith},
booktitle = {Advances in Neural Information Processing Systems 32},
editor = {H. Wallach and H. Larochelle and A. Beygelzimer and F. d\textquotesingle Alch\'{e}-Buc and E. Fox and R. Garnett},
pages = {8024--8035},
year = {2019},
publisher = {Curran Associates, Inc.},
url = {http://papers.neurips.cc/paper/9015-pytorch-an-imperative-style-high-performance-deep-learning-library.pdf}
}

@online{illustrated_transformer,
  author = {Jay Alammar},
  title = {{The Illustrated Transformer [Blog post]}},
  year = 2018,
  url = {https://jalammar.github.io/illustrated-transformer/},
  urldate = {2020-04-23}
}

@online{pytorchnn,
  author = {Torch Contributors},
  title = {{torch.nn documentation}},
  year = 2020,
  url = {https://pytorch.org/docs/stable/nn.html},
  urldate = {2020-03-06}
}

@article{elman1990finding,
  title={Finding structure in time},
  author={Elman, Jeffrey L},
  journal={Cognitive science},
  volume={14},
  number={2},
  pages={179--211},
  year={1990},
  publisher={Wiley Online Library}
}


