@article{alley2019unified,
  title={Unified rational protein engineering with sequence-only deep representation learning},
  author={Alley, Ethan C and Khimulya, Grigory and Biswas, Surojit and AlQuraishi, Mohammed and Church, George M},
  journal={bioRxiv},
  pages={589333},
  year={2019},
  publisher={Cold Spring Harbor Laboratory}
}
